@misc{Jech,
  author = "Karel Hrbacek, Thomas Jech",
  title = "Introduction to Set Theory",
  howpublished = "\url{https://annas-archive.org/md5/4ed6958908ffcdff17277871c7643991}",
  note = "Visto: 2023-05-18"
}
